<?xml version="1.0" encoding="UTF-8"?><collection xmlns="http://www.loc.gov/MARC21/slim"><record><leader>00315nam--2200121-i-4500</leader><controlfield tag="001">000024551</controlfield><controlfield tag="002">20161230</controlfield><controlfield tag="005">20161230201035</controlfield><controlfield tag="008">060222s1000------------r-----000-0-eng-d</controlfield><datafield ind1=" " ind2=" " tag="080"><subfield code="a">061.62(861):001.891(047.1)</subfield></datafield><datafield ind1=" " ind2=" " tag="245"><subfield code="a">Informe de labores 1984</subfield></datafield><datafield ind1=" " ind2=" " tag="260"><subfield code="a">Bogota, Inst.De Asuntos Nucleares, 1985. 39p</subfield></datafield><datafield ind1=" " ind2=" " tag="852"><subfield code="a">73292</subfield></datafield></record></collection>